% Encoding: UTF-8

@Electronic{biblatex_biber,
  title   = {biblatex in a nutshell (for beginners)},
  url     = {https://tex.stackexchange.com/questions/13509/biblatex-in-a-nutshell-for-beginners},
  urldate = {2018-05-18},
}

@Electronic{jabref,
  author  = {{Jabref Development Team}},
  title   = {JabRef},
  url     = {http://www.jabref.org/},
  urldate = {2018-05-18},
}

@WWW{,
  author = {Geberit},
  title  = {PE Abwasserrohre},
  date   = {2018-10-21},
  url    = {https://www.geberit.ch/produkte/rohrleitungssysteme-entwaesserung/geberit-pe-abwasserrohre/},
}

@Online{,
  author = {{Konradin Medien GmbH}},
  date   = {2018-10-24},
  url    = {https://www.wissen.de},
  note   = {Wasserrad},
}

@Online{,
  author = {Wikipedia},
  title  = {Hochhaus},
  date   = {2018-10-24},
  url    = {https://de.wikipedia.org/wiki/Hochhaus},
  note   = {Bilder Über -Unterdruckturbine},
}

@Online{,
  author = {echo},
  date   = {2018-10-25},
  url    = {www.echo.ie},
}

@Online{,
  author = {{BitSign GmbH}},
  date   = {2018-10-25},
  url    = {https://www.haustechnikdialog.de/25.10.2018s},
}

@Online{,
  author = {{Haustechnikdialog / OldBo}},
  title  = {Grundleitung},
  year   = {2014},
  date   = {2018-10-25},
  url    = {https://www.haustechnikdialog.de/SHKwissen/1835/Grundleitung},
}

@Online{,
  author = {Baunetz_Wissen_},
  title  = {Abwasserleitungen: Verlegung},
  date   = {2018-10-15},
  url    = {https://www.baunetzwissen.de/gebaeudetechnik/fachwissen/entwaesserung/abwasserleitungen-verlegung-2459057},
}

@Online{,
  author = {{Carl Dieter}},
  title  = {Schmutzwasser Fallleitungen in Hochhaeusern},
  date   = {2018-10-25},
  url    = {https://docplayer.org/71335169-Schmutzwasser-fallleitungen-in-hochhaeusern.html},
}

@Online{,
  author = {{Peter Reichert / Geberit}},
  title  = {Entwaesserung von Hochhaeusern},
  date   = {2018-10-25},
  url    = {https://www.fh-muenster.de/fb4/downloads/seminar_symposium_workshop/2011/sani_symposium/04_Reichert_Entwaesserung_von_Hochhaeusern.pdf},
}

@Online{,
  author = {{ANDERSCHITZKY, SELLITSCH, STREBL}},
  title  = {Die Struktur und Funktionalität von Hochhäusern},
  date   = {2018-10-25},
  url    = {http://www.wohnbau.tuwien.ac.at/downloads/Archiv/Wohnen%20auf%20hohem%20Niveau/Grundlagenforschung%20WS%202015/Struktur_Funktionalit%C3%A4t_Finish.pdf},
}

@Online{,
  author = {Wavin},
  title  = {Das Wavin Abwasserhandbuch},
  date   = {2018-10-25},
  url    = {https://www.shk-journal.de/uploads/media/08.08.12_Wavin_Abwasserhandbuch_2008.pdf},
}

@Comment{jabref-meta: databaseType:biblatex;}

% Encoding: UTF-8
