% Encoding: UTF-8

@Article{waterUsAmerica,
  author  = {{Cheryl A. Dieter and MollyAa. Maupin}},
  title   = {Puplic Supply and Domestic Water Use in the United States, 2015},
  journal = {Science for a changing world},
  year    = {2017},
  url     = {https://pubs.usgs.gov/of/2017/1131/ofr20171131.pdf},
  file    = {:USGS.pdf:PDF},
}

@Article{recherchedokument,
  author = {{Projektgruppe 4, 1. Semester, FHNW 2018}},
  title  = {V1.0 Recherchedokument Gruppe 4},
  year   = {2018},
  file   = {:V1.0 Recherchedokument Gruppe 4.pdf:PDF},
}

@Online{432_Park_Avenue,
  author = {{432 Park Avenue}},
  year   = {2018},
  date   = {2018-11-26},
  url    = {https://www.432parkavenue.com/},
}

@Online{peakWaterDemand,
  author  = {Steven Buchberger and Toritseju Omaghomi and Timothy Wolfe and Jason Hewitt and Daniel Cole},
  title   = {Peak Water Demand Study},
  year    = {2015},
  date    = {2015-11-13},
  url     = {http://www.iapmo.org/WEStand/Documents/Peak%20Water%20Demand%20Study%20-%20Executive%20Summary.pdf},
  urldate = {2018-11-29},
}

@Comment{jabref-meta: databaseType:biblatex;}

% Encoding: UTF-8
