% Encoding: UTF-8

@Comment{jabref-meta: databaseType:biblatex;}

% Encoding: UTF-8
